@article{becker1964,
  title = {Human capital: a theoretical and empirical analysis, with special reference to education},
  author = {Becker, Gary S.},
  date = {1964},
  journaltitle = {Chicago: University of Press},
  volume = {19},
  number = {6},
  pages = {4}
}

@article{mincer1974,
  title = {Schooling, {{Experience}}, and {{Earnings}}.},
  author = {Mincer, Jacob},
  date = {1974},
  journaltitle = {Human Behavior \& Social Institutions},
  number = {2},
  publisher = {{ERIC}}
}
